
@article{mahony_nonlinear_2008,
	title = {Nonlinear {Complementary} {Filters} on the {Special} {Orthogonal} {Group}},
	volume = {53},
	url  = {https://hal.archives-ouvertes.fr/hal-00488376},
	number = {5},
	journal = {IEEE Transactions on Automatic Control},
	author = {Mahony, Robert and Hamel, Tarek and Pflimlin, Jean-Michel},
	year = {2008},
	pages = {1203--1218}
}

@inproceedings{euston_complementary_2008,
	title = {A complementary filter for attitude estimation of a fixed-wing {UAV}},
	booktitle = {2008 IEEE/RSJ International Conference on Intelligent Robots and Systems (IROS 2008)},
	publisher = {IEEE},
	author = {Euston, Mark and Coote, Paul and Mahony, Robert and Kim, Jonghyuk and Hamel, Tarek},
	year = {2008},
	pages = {340--345}
}

@article{madgwick_efficient_2010,
	title = {An efficient orientation filter for inertial and inertial/magnetic sensor arrays},
	volume = {25},
	journal = {Report x-io and University of Bristol (UK)},
	author = {Madgwick, Sebastian OH},
	year = {2010}
}

@inproceedings{madgwick_estimation_2011,
	title = {Estimation of {IMU} and {MARG} orientation using a gradient descent algorithm},
	booktitle = {2011 IEEE International Conference on Rehabilitation Robotics},
	publisher = {IEEE},
	author = {Madgwick, Sebastian OH and Harrison, Andrew JL and Vaidyanathan, Ravi},
	year = {2011},
	pages = {1--7}
}

@book{grewal2011kalman,
    author = {Grewal, Mohinder S. and Andrews, Angus P.},
    title = {Kalman Filtering: Theory and Practice Using MATLAB},
    year = {1993},
    isbn = {0-13-211335-X},
    publisher = {Prentice-Hall, Inc.}
}

@article{higgins1975comparison,
    title={A comparison of complementary and Kalman filtering},
    author={Higgins, Walter T},
    journal={IEEE Transactions on Aerospace and Electronic Systems},
		volume={AES-11},
		number={3},
    pages={321--325},
    year= {1975},
    publisher= {IEEE}
}
