
@article{hansen_completely_2001,
    title = {Completely derandomized self-adaptation in evolution strategies},
    volume = {9},
    url = {http://www.mitpressjournals.org/doi/abs/10.1162/106365601750190398},
    number = {2},
    journal = {Evolutionary computation},
    author = {Hansen, Nikolaus and Ostermeier, Andreas},
    year = {2001},
    pages = {159--195}
}

@article{hansen_cma_2006,
    title = {The {CMA} evolution strategy: a comparing review},
    url = {http://www.springerlink.com/index/v732u25412123j4g.pdf},
    journal = {Towards a new evolutionary computation},
    author = {Hansen, Nikolaus},
    year = {2006},
    pages = {75--102}
}

@article{rios_derivative-free_2013,
    title = {Derivative-free optimization: a review of algorithms and comparison of software implementations},
    volume = {56},
    url = {http://link.springer.com/article/10.1007/s10898-012-9951-y},
    number = {3},
    journal = {Journal of Global Optimization},
    author = {Rios, Luis Miguel and Sahinidis, Nikolaos V.},
    year = {2013},
    pages = {1247--1293}
}

@book{conn_introduction_2009,
    title = {Introduction to derivative-free optimization},
    url = {http://epubs.siam.org/doi/abs/10.1137/1.9780898718768},
    publisher = {SIAM},
    author = {Conn, Andrew R. and Scheinberg, Katya and Vicente, Luis N.},
    year = {2009}
}

@inproceedings{cauwet_noisy_2016,
    title = {Noisy optimization: {Fast} convergence rates with comparison-based algorithms},
    url = {http://doi.acm.org/10.1145/2908812.2908881},
    booktitle = {ACM-GECCO Genetic and Evolutionary Computation Conference},
    publisher = {ACM},
    author = {Cauwet, Marie-Liesse and Teytaud, Olivier},
    year = {2016},
    pages = {1101--1106}
  }

@inproceedings{coulom_clop:_2011,
    title = {Clop: {Confident} local optimization for noisy black-box parameter tuning},
    url = {http://link.springer.com/chapter/10.1007/978-3-642-31866-5_13},
    booktitle = {Advances in {Computer} {Games}},
    publisher = {Springer},
    author = {Coulom, RÃ©mi},
    year = {2011},
    pages = {146--157}
}

@inproceedings{hansen_benchmarking_2009,
    title = {Benchmarking a {BI}-population {CMA}-{ES} on the {BBOB}-2009 function testbed},
    url = {http://doi.acm.org/10.1145/1570256.1570333},
    booktitle = {ACM-GECCO Genetic and Evolutionary Computation Conference},
    publisher = {ACM},
    author = {Hansen, Nikolaus},
    year = {2009},
    pages = {2389--2396}
}
