
@article{lynch_pulling_1995,
    title = {Pulling by pushing, slip with infinite friction, and perfectly rough surfaces},
    volume = {14},
    url = {http://journals.sagepub.com/doi/abs/10.1177/027836499501400207},
    number = {2},
    journal = {International journal of robotics research},
    author = {Lynch, Kevin M. and Mason, Matthew T.},
    year = {1995},
    pages = {174--183}
}

@inproceedings{baraff_fast_1994,
    title = {Fast contact force computation for nonpenetrating rigid bodies},
    url = {http://doi.acm.org/10.1145/192161.192168},
    booktitle = {Proceedings of the 21st annual conference on {Computer} graphics and interactive techniques},
    publisher = {ACM},
    author = {Baraff, David},
    year = {1994},
    pages = {23--34}
}

@book{cottle_linear_2009,
    title = {The linear complementarity problem},
    url = {http://epubs.siam.org/doi/abs/10.1137/1.9780898719000},
    publisher = {SIAM},
    author = {Cottle, Richard W. and Pang, Jong-Shi and Stone, Richard E.},
    year = {2009}
}

@inproceedings{drumwright_robust_2009,
    title = {A robust and tractable contact model for dynamic robotic simulation},
    url = {http://doi.acm.org/10.1145/1529282.1529543},
    booktitle = {Proceedings of the 2009 {ACM} symposium on {Applied} {Computing}},
    publisher = {ACM},
    author = {Drumwright, Evan and Shell, Dylan A.},
    year = {2009},
    pages = {1176--1180}
}

@article{anitescu_formulating_1997,
    title = {Formulating dynamic multi-rigid-body contact problems with friction as solvable linear complementarity problems},
    volume = {14},
    url = {http://www.springerlink.com/index/J71678405QK31722.pdf},
    number = {3},
    journal = {Nonlinear Dynamics},
    author = {Anitescu, Mihai and Potra, Florian A.},
    year = {1997},
    pages = {231--247}
}

@article{stewart_implicit_1996,
    title = {An implicit time-stepping scheme for rigid body dynamics with inelastic collisions and coulomb friction},
    volume = {39},
    number = {15},
    journal = {International Journal for Numerical Methods in Engineering},
    author = {Stewart, David E. and Trinkle, Jeffrey C.},
    year = {1996},
    pages = {2673--2691}
}

@article{do_efficient_2007,
    title = {Efficient {Simulation} of a {Dynamic} {System} with {LuGre} {Friction}},
    volume = {2},
    url = {http://dx.doi.org/10.1115/1.2754304},
    number = {4},
    journal = {Journal of Computational and Nonlinear Dynamics},
    author = {Do, Nguyen B. and Ferri, Aldo A. and Bauchau, Olivier A.},
    year = {2007},
    pages = {281}
}
