
@book{featherstone_rigid_2008,
    title = {Rigid body dynamics algorithms},
    publisher = {Springer},
    author = {Featherstone, Roy},
    year = {2008}
}

@article{vukobratovic_zero-moment_2004,
    title = {Zero-moment point—thirty five years of its life},
    volume = {1},
    url = {http://www.worldscientific.com/doi/abs/10.1142/S0219843604000083},
    number = {1},
    journal = {International Journal of Humanoid Robotics},
    author = {Vukobratović, Miomir and Borovac, Branislav},
    year = {2004},
    pages = {157--173}
}

@article{zapolsky_inverse_2017,
    title = {Inverse dynamics with rigid contact and friction},
    volume = {41},
    url = {https://doi.org/10.1007/s10514-016-9608-7},
    number = {4},
    journal = {Autonomous Robots},
    author = {Zapolsky, Samuel and Drumwright, Evan},
    year = {2017},
    pages = {831--863}
}
