
@inproceedings{traversaro_inertial_2013,
    title = {Inertial parameter identification including friction and motor dynamics},
    url = {http://ieeexplore.ieee.org/xpls/abs_all.jsp?arnumber=7029957},
    urldate = {2016-12-18},
    booktitle = {2013 13th {IEEE}-{RAS} {International} {Conference} on {Humanoid} {Robots} ({Humanoids})},
    publisher = {IEEE},
    author = {Traversaro, Silvio and Del Prete, Andrea and Muradore, Riccardo and Natale, Lorenzo and Nori, Francesco},
    year = {2013},
    pages = {68--73},
    file = {Snapshot:/home/leph/.mozilla/firefox/p35zu35q.default/zotero/storage/H3FZBI39/7029957.html:text/html;Traversaro et al. - 2013 - Inertial parameter identification including fricti.pdf:/home/leph/.mozilla/firefox/p35zu35q.default/zotero/storage/H7JKIKZ2/Traversaro et al. - 2013 - Inertial parameter identification including fricti.pdf:application/pdf}
}

@inproceedings{venture_dynamics_2008,
    title = {Dynamics identification of humanoid systems},
    url = {http://157.82.13.93/publications/pdf2008/conference/ROMANSY_final.pdf},
    urldate = {2016-12-18},
    booktitle = {Proceedings of {CISM}-{IFToMM} {Symposium} on {Robot} {Design}, {Dynamics}, and {Control} ({ROMANSY})},
    author = {Venture, Gentiane and Ayusawa, Ko and Nakamura, Yoshihiko},
    year = {2008},
    pages = {301--308},
    file = {Venture et al. - 2008 - Dynamics identification of humanoid systems.pdf:/home/leph/.mozilla/firefox/p35zu35q.default/zotero/storage/DGW49EJN/Venture et al. - 2008 - Dynamics identification of humanoid systems.pdf:application/pdf}
}

@inproceedings{iwasaki_identification_2012,
    title = {Identification of the inertial parameters of a humanoid robot using grounded sole link},
    url = {http://ieeexplore.ieee.org/xpls/abs_all.jsp?arnumber=6651558},
    urldate = {2017-01-09},
    booktitle = {2012 12th {IEEE}-{RAS} {International} {Conference} on {Humanoid} {Robots} ({Humanoids} 2012)},
    publisher = {IEEE},
    author = {Iwasaki, Toru and Venture, Gentiane and Yoshida, Eiichi},
    year = {2012},
    pages = {449--454},
    file = {Iwasaki et al. - 2012 - Identification of the inertial parameters of a hum.pdf:/home/leph/.mozilla/firefox/p35zu35q.default/zotero/storage/WJWAWUZ7/Iwasaki et al. - 2012 - Identification of the inertial parameters of a hum.pdf:application/pdf;Snapshot:/home/leph/.mozilla/firefox/p35zu35q.default/zotero/storage/UDADIP7P/6651558.html:text/html}
}

@inproceedings{urbann_rigid_2011,
    title = {Rigid and soft body simulation featuring realistic walk behaviour},
    url = {http://link.springer.com/chapter/10.1007/978-3-642-32060-6_11},
    urldate = {2017-03-02},
    booktitle = {RoboCup 2011: Robot Soccer World Cup XV},
    publisher = {Springer},
    author = {Urbann, Oliver and Kerner, SÃ¶ren and Tasse, Stefan},
    year = {2011},
    pages = {126--136},
    file = {Urbann et al. - 2011 - Rigid and soft body simulation featuring realistic.pdf:/home/leph/.mozilla/firefox/p35zu35q.default/zotero/storage/JP2CHQTS/Urbann et al. - 2011 - Rigid and soft body simulation featuring realistic.pdf:application/pdf}
}
