
@incollection{xu_adaptive_2010,
	title = {Adaptive motion control: {Dynamic} kick for a humanoid robot},
	shorttitle = {Adaptive motion control},
	url = {http://link.springer.com/chapter/10.1007/978-3-642-16111-7_45},
	urldate = {2015-09-21},
	booktitle = {{KI} 2010: {Advances} in {Artificial} {Intelligence}},
	publisher = {Springer},
	author = {Xu, Yuan and Mellmann, Heinrich},
	year = {2010},
	pages = {392--399},
	file = {Snapshot:/home/leph/.mozilla/firefox/p35zu35q.default/zotero/storage/MVWIDVDJ/978-3-642-16111-7_45.html:text/html;Xu et Mellmann - 2010 - Adaptive motion control Dynamic kick for a humano.pdf:/home/leph/.mozilla/firefox/p35zu35q.default/zotero/storage/MMWMVJRV/Xu et Mellmann - 2010 - Adaptive motion control Dynamic kick for a humano.pdf:application/pdf}
}

@incollection{ferreira_development_2012,
	title = {Development of an omnidirectional kick for a nao humanoid robot},
	url = {http://link.springer.com/chapter/10.1007/978-3-642-34654-5_58},
	urldate = {2015-09-21},
	booktitle = {Advances in {Artificial} {Intelligence} (IBERAMIA 2012)},
	publisher = {Springer},
	author = {Ferreira, Rui and Reis, Luís Paulo and Moreira, António Paulo and Lau, Nuno},
	year = {2012},
	pages = {571--580},
	file = {Ferreira et al. - 2012 - Development of an omnidirectional kick for a nao h.pdf:/home/leph/.mozilla/firefox/p35zu35q.default/zotero/storage/VSBTCETS/Ferreira et al. - 2012 - Development of an omnidirectional kick for a nao h.pdf:application/pdf;Snapshot:/home/leph/.mozilla/firefox/p35zu35q.default/zotero/storage/XE87UMKH/978-3-642-34654-5_58.html:text/html}
}

@inproceedings{hester_generalized_2010,
	title = {Generalized model learning for reinforcement learning on a humanoid robot},
	url = {http://ieeexplore.ieee.org/xpls/abs_all.jsp?arnumber=5509181},
	urldate = {2015-09-21},
	booktitle = {2010 IEEE International Conference on Robotics and Automation (ICRA 2010)},
	publisher = {IEEE},
	author = {Hester, Todd and Quinlan, Michael and Stone, Peter},
	year = {2010},
	pages = {2369--2374},
	file = {Hester et al. - 2010 - Generalized model learning for reinforcement learn.pdf:/home/leph/.mozilla/firefox/p35zu35q.default/zotero/storage/UIXB46VR/Hester et al. - 2010 - Generalized model learning for reinforcement learn.pdf:application/pdf;Snapshot:/home/leph/.mozilla/firefox/p35zu35q.default/zotero/storage/BSCQQ966/login.html:text/html}
}

@inproceedings{yi_improved_2013,
	title = {Improved online kick generation method for humanoid soccer robots},
	url = {http://www.ais.uni-bonn.de/humanoidsoccer/ws13/papers/HSR13_Yi.pdf},
	urldate = {2015-10-09},
	booktitle = {Proceedings of 8th Workshop on Humanoid Soccer Robots at IEEE-RAS Int. Conference on Humanoid Robots},
	author = {Yi, Seung-Joon and McGill, Stephen and Lee, Daniel D.},
	year = {2013},
	file = {Yi et al. - 2013 - Improved online kick generation method for humanoi.pdf:/home/leph/.mozilla/firefox/p35zu35q.default/zotero/storage/4U9GQH32/Yi et al. - 2013 - Improved online kick generation method for humanoi.pdf:application/pdf}
}

@inproceedings{jouandeau_optimization_2014,
	title = {Optimization of parametrised kicking motion for humanoid soccer player},
	url = {http://ieeexplore.ieee.org/xpls/abs_all.jsp?arnumber=6849793},
	urldate = {2015-10-09},
	booktitle = {2014 International Conference on Autonomous Robot Systems and Competitions (ICARSC 2014)},
	publisher = {IEEE},
	author = {Jouandeau, Nicolas and Hugel, Vincent},
	year = {2014},
	pages = {241--246}
}

@incollection{wenk_online_2014,
	title = {Online generated kick motions for the {NAO} balanced using inverse dynamics},
	url = {http://link.springer.com/chapter/10.1007/978-3-662-44468-9_3},
	urldate = {2015-10-09},
	booktitle = {RoboCup 2013: Robot Soccer World Cup XVII},
	publisher = {Springer},
	author = {Wenk, Felix and Röfer, Thomas},
	year = {2014},
	pages = {25--36},
	file = {Snapshot:/home/leph/.mozilla/firefox/p35zu35q.default/zotero/storage/D4UUI48K/978-3-662-44468-9_3.html:text/html;Wenk et Röfer - 2014 - Online generated kick motions for the NAO balanced.pdf:/home/leph/.mozilla/firefox/p35zu35q.default/zotero/storage/RI5MTHBT/Wenk et Röfer - 2014 - Online generated kick motions for the NAO balanced.pdf:application/pdf}
}

@incollection{hausknecht_learning_2011,
	title = {Learning powerful kicks on the aibo ers-7: {The} quest for a striker},
	shorttitle = {Learning powerful kicks on the aibo ers-7},
	url = {http://link.springer.com/chapter/10.1007/978-3-642-20217-9_22},
	urldate = {2015-10-09},
	booktitle = {RoboCup 2010: Robot Soccer World Cup XIV},
	publisher = {Springer},
	author = {Hausknecht, Matthew and Stone, Peter},
	year = {2011},
	pages = {254--265},
	file = {Hausknecht et Stone - 2011 - Learning powerful kicks on the aibo ers-7 The que.pdf:/home/leph/.mozilla/firefox/p35zu35q.default/zotero/storage/M5SRCWPF/Hausknecht et Stone - 2011 - Learning powerful kicks on the aibo ers-7 The que.pdf:application/pdf;Snapshot:/home/leph/.mozilla/firefox/p35zu35q.default/zotero/storage/SXPANZN5/978-3-642-20217-9_22.html:text/html}
}

@inproceedings{miossec_development_2006,
	title = {Development of a software for motion optimization of robots-application to the kick motion of the hrp-2 robot},
	url = {http://ieeexplore.ieee.org/xpls/abs_all.jsp?arnumber=4141881},
	urldate = {2016-10-13},
	booktitle = {2006 {IEEE} {International} {Conference} on {Robotics} and {Biomimetics}},
	publisher = {IEEE},
	author = {Miossec, Sylvain and Yokoi, Kazuhito and Kheddar, Abderrahmane},
	year = {2006},
	pages = {299--304},
	file = {Miossec et al. - 2006 - Development of a software for motion optimization .pdf:/home/leph/.mozilla/firefox/p35zu35q.default/zotero/storage/CGZ3P4H4/Miossec et al. - 2006 - Development of a software for motion optimization .pdf:application/pdf;Snapshot:/home/leph/.mozilla/firefox/p35zu35q.default/zotero/storage/Q9IJUJWT/4141881.html:text/html}
}

@inproceedings{lengagne_generation_2010,
	title = {Generation of dynamic motions under continuous constraints: {Efficient} computation using b-splines and taylor polynomials},
	shorttitle = {Generation of dynamic motions under continuous constraints},
	url = {http://ieeexplore.ieee.org/xpls/abs_all.jsp?arnumber=5649233},
	urldate = {2016-12-16},
	booktitle = {2010 IEEE/RSJ International Conference on Intelligent Robots and Systems (IROS 2010)},
	publisher = {IEEE},
	author = {Lengagne, Sébastien and Mathieu, Paul and Kheddar, Abderrahmane and Yoshida, Eiichi},
	year = {2010},
	pages = {698--703}
}

@article{lengagne_planning_2011,
	title = {Planning and fast replanning safe motions for humanoid robots},
	volume = {27},
	url = {http://ieeexplore.ieee.org/xpls/abs_all.jsp?arnumber=5999727},
	number = {6},
	urldate = {2016-12-16},
	journal = {IEEE Transactions on Robotics},
	author = {Lengagne, Sébastien and Ramdani, Nacim and Fraisse, Philippe},
	year = {2011},
	pages = {1095--1106},
	file = {Lengagne et al. - 2011 - Planning and fast replanning safe motions for huma.pdf:/home/leph/.mozilla/firefox/p35zu35q.default/zotero/storage/JNCRKEHU/Lengagne et al. - 2011 - Planning and fast replanning safe motions for huma.pdf:application/pdf;Snapshot:/home/leph/.mozilla/firefox/p35zu35q.default/zotero/storage/QUQRM8KE/5999727.html:text/html}
}

@phdthesis{lengagne_planification_2009,
	title = {Planification et re-planification de mouvements sûrs pour les robots humanoïdes.},
	url = {https://tel.archives-ouvertes.fr/tel-00431302/},
	urldate = {2016-12-16},
	school = {Université Montpellier II-Sciences et Techniques du Languedoc},
	author = {Lengagne, Sebastien},
	year = {2009},
	file = {Lengagne - 2009 - Planification et re-planification de mouvements sû.pdf:/home/leph/.mozilla/firefox/p35zu35q.default/zotero/storage/STWZIG97/Lengagne - 2009 - Planification et re-planification de mouvements sû.pdf:application/pdf;Snapshot:/home/leph/.mozilla/firefox/p35zu35q.default/zotero/storage/8T554BCV/tel-00431302.html:text/html}
}

@article{bockmann_kick_2016,
	title = {Kick motions for the {NAO} robot using dynamic movement primitives},
	url = {https://arxiv.org/abs/1606.00600},
	urldate = {2017-02-06},
	journal = {RoboCup 2016: Robot Soccer World Cup XX},
	author = {Böckmann, Arne and Laue, Tim},
	year = {2016},
	file = {Böckmann et Laue - 2016 - Kick motions for the NAO robot using dynamic movem.pdf:/home/leph/.mozilla/firefox/p35zu35q.default/zotero/storage/429SVXH9/Böckmann et Laue - 2016 - Kick motions for the NAO robot using dynamic movem.pdf:application/pdf;Snapshot:/home/leph/.mozilla/firefox/p35zu35q.default/zotero/storage/QBJTWDSA/1606.html:text/html}
}

@article{hanna_grounded_2017,
	title = {Grounded {Action} {Transformation} for {Robot} {Learning} in {Simulation}},
	url = {http://www.cs.utexas.edu/users/AustinVilla/papers/AAAI17-Hanna.pdf},
	urldate = {2017-04-11},
	author = {Hanna, Josiah P. and Stone, Peter},
	year = {2017},
	file = {Hanna et Stone - 2017 - Grounded Action Transformation for Robot Learning .pdf:/home/leph/.mozilla/firefox/p35zu35q.default/zotero/storage/IXI5AZMK/Hanna et Stone - 2017 - Grounded Action Transformation for Robot Learning .pdf:application/pdf}
}

@inproceedings{farchy_humanoid_2013,
	title = {Humanoid robots learning to walk faster: {From} the real world to simulation and back},
	shorttitle = {Humanoid robots learning to walk faster},
	url = {http://dl.acm.org/citation.cfm?id=2484930},
	urldate = {2017-04-12},
	booktitle = {Proceedings of the 2013 international conference on autonomous agents and multi-agent systems},
	publisher = {International Foundation for Autonomous Agents and Multiagent Systems},
	author = {Farchy, Alon and Barrett, Samuel and MacAlpine, Patrick and Stone, Peter},
	year = {2013},
	pages = {39--46},
	file = {Farchy et al. - 2013 - Humanoid robots learning to walk faster From the .pdf:/home/leph/.mozilla/firefox/p35zu35q.default/zotero/storage/8MRFMKIH/Farchy et al. - 2013 - Humanoid robots learning to walk faster From the .pdf:application/pdf}
}

@article{christiano_transfer_2016,
	title = {Transfer from {Simulation} to {Real} {World} through {Learning} {Deep} {Inverse} {Dynamics} {Model}},
	url = {https://arxiv.org/abs/1610.03518},
	author = {Christiano, Paul and Shah, Zain and Mordatch, Igor and Schneider, Jonas and Blackwell, Trevor and Tobin, Joshua and Abbeel, Pieter and Zaremba, Wojciech},
	year = {2016}
}

@article{amaran_simulation_2014,
	title = {Simulation optimization: {A} review of algorithms and applications},
	url = {https://doi.org/10.1007/s10288-014-0275-2},
	volume = {12},
	shorttitle = {Simulation optimization},
	number = {4},
	journal = {4OR},
	author = {Amaran, Satyajith and Sahinidis, Nikolaos V. and Sharda, Bikram and Bury, Scott J.},
	year = {2014},
	pages = {301--333},
	file = {Amaran et al. - 2014 - Simulation optimization A review of algorithms an.pdf:/home/leph/.mozilla/firefox/p35zu35q.default/zotero/storage/8DPVZ595/Amaran et al. - 2014 - Simulation optimization A review of algorithms an.pdf:application/pdf;Snapshot:/home/leph/.mozilla/firefox/p35zu35q.default/zotero/storage/ZJ4MDJ9N/s10288-014-0275-2.html:text/html}
}

@incollection{boeing_dynamic_2016,
    title = {Dynamic {Balancing} of {Mobile} {Robots} in {Simulation} and {Real} {Environments}},
    booktitle = {Dynamic {Balancing} of {Mechanisms} and {Synthesizing} of {Parallel} {Robots}},
    publisher = {Springer},
    author = {Boeing, Adrian and Bräunl, Thomas},
    year = {2016},
    pages = {457--474},
    file = {Boeing et Bräunl - 2016 - Dynamic Balancing of Mobile Robots in Simulation a.pdf:/home/leph/.mozilla/firefox/p35zu35q.default/zotero/storage/F6GREMHT/Boeing et Bräunl - 2016 - Dynamic Balancing of Mobile Robots in Simulation a.pdf:application/pdf;Snapshot:/home/leph/.mozilla/firefox/p35zu35q.default/zotero/storage/AAIG8EWP/978-3-319-17683-3_18.html:text/html}
}

@article{degrave_differentiable_nodate,
    author    = {Jonas Degrave and Michiel Hermans and Joni Dambre and Francis Wyffels},
    title     = {A Differentiable Physics Engine for Deep Learning in Robotics},
    journal   = {CoRR},
    volume    = {abs/1611.01652},
    year      = {2016},
    url       = {http://arxiv.org/abs/1611.01652},
    archivePrefix = {arXiv},
    eprint    = {1611.01652},
    timestamp = {Wed, 07 Jun 2017 14:40:18 +0200},
    biburl    = {http://dblp.org/rec/bib/journals/corr/DegraveHDW16},
    bibsource = {dblp computer science bibliography, http://dblp.org}
}
