
@book{hardle_applied_1990,
    title = {Applied nonparametric regression},
    url = {https://doi.org/10.1017/CCOL0521382483},
    publisher = {Cambridge university press},
    author = {Härdle, Wolfgang},
    year = {1990}
}

@article{yatchew_nonparametric_1998,
    title = {Nonparametric regression techniques in economics},
    volume = {36},
    url = {http://www.jstor.org/stable/2565120},
    number = {2},
    journal = {Journal of Economic Literature},
    author = {Yatchew, Adonis},
    year = {1998},
    pages = {669--721}
}

@book{rojas_neural_2013,
    title = {Neural networks: a systematic introduction},
    publisher = {Springer Science \& Business Media},
    author = {Rojas, Raúl},
    year = {2013}
}

@article{park_universal_1991,
    title = {Universal approximation using radial-basis-function networks},
    volume = {3},
    url = {http://dx.doi.org/10.1162/neco.1991.3.2.246},
    number = {2},
    journal = {Neural computation},
    author = {Park, Jooyoung and Sandberg, Irwin W.},
    year = {1991},
    pages = {246--257}
}

@article{smola_tutorial_2004,
    title = {A tutorial on support vector regression},
    volume = {14},
    url = {https://doi.org/10.1023/B:STCO.0000035301.49549.88},
    number = {3},
    journal = {Statistics and computing},
    author = {Smola, Alex J. and Schölkopf, Bernhard},
    year = {2004},
    pages = {199--222}
}

@article{ltman_introduction_1992,
    title = {An introduction to kernel and nearest-neighbor nonparametric regression},
    volume = {46},
    url = {http://www.tandfonline.com/doi/abs/10.1080/00031305.1992.10475879},
    number = {3},
    journal = {The American Statistician},
    author = {Altman, Naomi S.},
    year = {1992},
    pages = {175--185}
}

@book{rasmussen_gaussian_2006,
    title = {Gaussian processes for machine learning},
    publisher = {MIT Press},
    author = {Rasmussen, Carl E. and Williams, Christopher K. I.},
    year = {2006}
}

@inproceedings{deisenroth_pilco:_2011,
    title = {{PILCO}: {A} model-based and data-efficient approach to policy search},
    url = {http://machinelearning.wustl.edu/mlpapers/paper_files/ICML2011Deisenroth_323.pdf},
    booktitle = {Proceedings of the 28th International Conference on machine learning (ICML 2011)},
    author = {Deisenroth, Marc P. and Rasmussen, Carl E.},
    year = {2011},
    pages = {465--472}
}

@article{christopher_locally_1997,
    title = {Locally weighted learning},
    volume = {11},
    url = {https://doi.org/10.1023/A:1006559212014},
    number = {1},
    journal = {Artificial Intelligence Review},
    author = {Atkeson, Christopher G. and Moore, Andrew W. and Schaal, Stefan},
    year = {1997},
    pages = {11--73}
}

@article{cleveland_locally_1988,
    title = {Locally weighted regression: an approach to regression analysis by local fitting},
    volume = {83},
    url = {http://www.jstor.org/stable/2289282},
    number = {403},
    journal = {Journal of the American statistical association},
    author = {Cleveland, William S. and Devlin, Susan J.},
    year = {1988},
    pages = {596--610}
}

@article{liaw_classification_2002,
    title = {Classification and regression by {randomForest}},
    volume = {2},
    url = {https://cran.r-project.org/doc/Rnews/Rnews_2002-3.pdf},
    number = {3},
    journal = {R news},
    author = {Liaw, Andy and Wiener, Matthew and {others}},
    year = {2002},
    pages = {18--22}
}

@article{nguyen-tuong_model_2009,
    title = {Model learning with local gaussian process regression},
    volume = {23},
    url = {http://dx.doi.org/10.1163/016918609X12529286896877},
    number = {15},
    journal = {Advanced Robotics},
    author = {Nguyen-Tuong, Duy and Seeger, Matthias and Peters, Jan},
    year = {2009},
    pages = {2015--2034}
}

@article{durrleman_flexible_1989,
    title = {Flexible regression models with cubic splines},
    volume = {8},
    url = {http://dx.doi.org/10.1002/sim.4780080504},
    number = {5},
    journal = {Statistics in medicine},
    author = {Durrleman, Sylvain and Simon, Richard},
    year = {1989},
    pages = {551--561}
}

@book{eubank_nonparametric_1999,
    title = {Nonparametric regression and spline smoothing},
    publisher = {CRC press},
    author = {Eubank, Randall L.},
    year = {1999}
}

@article{vijayakumar_incremental_2005,
    title = {Incremental online learning in high dimensions},
    volume = {17},
    url = {https://doi.org/10.1162/089976605774320557},
    number = {12},
    journal = {Neural computation},
    author = {Vijayakumar, Sethu and D'souza, Aaron and Schaal, Stefan},
    year = {2005},
    pages = {2602--2634}
}

@article{klanke_library_2008,
    title = {A library for locally weighted projection regression},
    volume = {9},
    url = {http://www.jmlr.org/papers/v9/klanke08a.html},
    number = {4},
    journal = {Journal of Machine Learning Research},
    author = {Klanke, Stefan and Vijayakumar, Sethu and Schaal, Stefan},
    year = {2008},
    pages = {623--626}
}

@article{wold_pls-regression:_2001,
    title = {{PLS}-regression: a basic tool of chemometrics},
    volume = {58},
    url = {http://www.sciencedirect.com/science/article/pii/S0169743901001551},
    number = {2},
    journal = {Chemometrics and intelligent laboratory systems},
    author = {Wold, Svante and Sjöström, Michael and Eriksson, Lennart},
    year = {2001},
    pages = {109--130}
}
