
@article{muir_kinematic_1987,
	title = {Kinematic modeling of wheeled mobile robots},
	volume = {4},
	url = {http://dx.doi.org/10.1002/rob.4620040209},
	number = {2},
	journal = {Journal of Field Robotics},
	author = {Muir, Patrick F. and Neuman, Charles P.},
	year = {1987},
	pages = {281--340}
}

@article{borenstein_measurement_1996,
	title = {Measurement and correction of systematic odometry errors in mobile robots},
	volume = {12},
	url = {http://ieeexplore.ieee.org/abstract/document/544770/},
	number = {6},
	journal = {IEEE Transactions on robotics and automation},
	author = {Borenstein, Johann and Feng, Liqiang},
	year = {1996},
	pages = {869--880}
}

@inproceedings{roy_online_1999,
	title = {Online self-calibration for mobile robots},
	url = {http://ieeexplore.ieee.org/abstract/document/770447/},
	booktitle = {1999 IEEE International Conference on Robotics and Automation (ICRA 1999)},
	publisher = {IEEE},
	author = {Roy, Nicholas and Thrun, Sebastian},
	year = {1999},
	pages = {2292--2297}
}

@article{antonelli_calibration_2005,
	title = {A calibration method for odometry of mobile robots based on the least-squares technique: theory and experimental validation},
	volume = {21},
	url = {http://ieeexplore.ieee.org/abstract/document/1512356/},
	number = {5},
	journal = {IEEE Transactions on Robotics},
	author = {Antonelli, Gianluca and Chiaverini, Stefano and Fusco, Giuseppe},
	year = {2005},
	pages = {994--1004}
}

@article{angelova_learning_2007,
	title = {Learning and prediction of slip from visual information},
	volume = {24},
	url = {http://dx.doi.org/10.1002/rob.20179},
	number = {3},
	journal = {Journal of Field Robotics},
	author = {Angelova, Anelia and Matthies, Larry and Helmick, Daniel and Perona, Pietro},
	year = {2007},
	pages = {205--231}
}

@inproceedings{ivanjko_simple_2007,
	title = {Simple off-line odometry calibration of differential drive mobile robots},
	booktitle = {Proceedings of 16th {Int}. {Workshop} on {Robotics} in {Alpe}-{Adria}-{Danube} {Region}-{RAAD}},
	author = {Ivanjko, Edouard and Komsic, Ivan and Petrovic, Ivan},
	year = {2007},
}

@inproceedings{kelly_fast_2004,
	title = {Fast and easy systematic and stochastic odometry calibration},
	volume = {4},
	url = {http://ieeexplore.ieee.org/abstract/document/1389908/},
	booktitle = {2004 IEEE/RSJ International Conference on Intelligent Robots and Systems (IROS 2004)},
	publisher = {IEEE},
	author = {Kelly, Alonzo},
	year = {2004},
	pages = {3188--3194}
}

@inproceedings{czarnetzki_odometry_2010,
	title = {Odometry correction for humanoid robots using optical sensors},
	url = {https://doi.org/10.1007/978-3-642-20217-9_5},
	booktitle = {RoboCup 2010: Robot Soccer World Cup XIV},
	publisher = {Springer},
	author = {Czarnetzki, Stefan and Hegele, Maximilian and Kerner, Sören},
	year = {2010},
	pages = {48--59}
}

@inproceedings{osswald_learning_2010,
	title = {Learning reliable and efficient navigation with a humanoid},
	url = {http://ieeexplore.ieee.org/abstract/document/5509420/},
	booktitle = {2010 IEEE International Conference on Robotics and Automation (ICRA 2010)},
	publisher = {IEEE},
	author = {Osswald, Stefan and Hornung, Armin and Bennewitz, Maren},
	year = {2010},
	pages = {2375--2380}
}

@inproceedings{hornung_humanoid_2010,
	title = {Humanoid robot localization in complex indoor environments},
	url = {http://ieeexplore.ieee.org/abstract/document/5649751/},
	booktitle = {2010 IEEE/RSJ International Conference on Intelligent Robots and Systems (IROS 2010)},
	publisher = {IEEE},
	author = {Hornung, Armin and Wurm, Kai M. and Bennewitz, Maren},
	year = {2010},
	pages = {1690--1695}
}

@article{martinez_approximating_2005,
    title = {Approximating kinematics for tracked mobile robots},
    volume = {24},
    url = {http://dx.doi.org/10.1177/0278364905058239},
    number = {10},
    journal = {International Journal of Robotics Research},
    author = {Martínez, Jorge L. and Mandow, Anthony and Morales, Jesús and Pedraza, Salvador and García-Cerezo, Alfonso},
    year = {2005},
    pages = {867--878}
}

@article{censi_simultaneous_2013,
	title = {Simultaneous calibration of odometry and sensor parameters for mobile robots},
	volume = {29},
	url = {http://ieeexplore.ieee.org/abstract/document/6482657/},
	number = {2},
	journal = {IEEE Transactions on Robotics},
	author = {Censi, Andrea and Franchi, Antonio and Marchionni, Luca and Oriolo, Giuseppe},
	year = {2013},
	pages = {475--492}
}

@inproceedings{nister_visual_2004,
    title = {Visual odometry},
    url = {http://ieeexplore.ieee.org/abstract/document/1315094/},
    booktitle = {2004 IEEE Computer Society Conference on Computer Vision and Pattern Recognition (CVPR 2004)},
    publisher = {IEEE},
    author = {Nistér, David and Naroditsky, Oleg and Bergen, James},
    year = {2004},
    pages = {I-652-I-659}
}

@article{fuentes-pacheco_visual_2015,
    title = {Visual simultaneous localization and mapping: a survey},
    volume = {43},
    url = {http://dx.doi.org/10.1007/s10462-012-9365-8},
    number = {1},
    journal = {Artificial Intelligence Review},
    author = {Fuentes-Pacheco, Jorge and Ruiz-Ascencio, José and Rendón-Mancha, Juan Manuel},
    year = {2015},
    pages = {55--81}
}

@article{oriolo_humanoid_2016,
    title = {Humanoid odometric localization integrating kinematic, inertial and visual information},
    volume = {40},
    url = {http://dx.doi.org/10.1007/s10514-015-9498-0},
    number = {5},
    journal = {Autonomous Robots},
    author = {Oriolo, Giuseppe and Paolillo, Antonio and Rosa, Lorenzo and Vendittelli, Marilena},
    year = {2016},
    pages = {867--879}
}

@inproceedings{pretto_visual_2009,
    title = {A visual odometry framework robust to motion blur},
    url = {http://ieeexplore.ieee.org/abstract/document/5152447/},
    booktitle = {2009 IEEE International Conference on Robotics and Automation (ICRA 2009)},
    publisher = {IEEE},
    author = {Pretto, Alberto and Menegatti, Emanuele and Bennewitz, Maren and Burgard, Wolfram and Pagello, Enrico},
    year = {2009},
    pages = {2250--2257}
}

@inproceedings{forster_svo:_2014,
    title = {{SVO}: {Fast} semi-direct monocular visual odometry},
    url = {http://ieeexplore.ieee.org/abstract/document/6906584/},
    booktitle = {2014 IEEE International Conference on Robotics and Automation (ICRA 2014)},
    publisher = {IEEE},
    author = {Forster, Christian and Pizzoli, Matia and Scaramuzza, Davide},
    year = {2014},
    pages = {15--22}
}

@article{weiss_monocular-slambased_2011,
    title = {Monocular-{SLAM}–based navigation for autonomous micro helicopters in {GPS}-denied environments},
    volume = {28},
    url = {http://dx.doi.org/10.1002/rob.20412},
    number = {6},
    journal = {Journal of Field Robotics},
    author = {Weiss, Stephan and Scaramuzza, Davide and Siegwart, Roland},
    year = {2011},
    pages = {854--874}
}

@inproceedings{stasse_real-time_2006,
    title = {Real-time 3d slam for humanoid robot considering pattern generator information},
    url = {http://ieeexplore.ieee.org/abstract/document/4058956/},
    booktitle = {2006 IEEE/RSJ International Conference on Intelligent Robots and Systems (IROS 2006)},
    publisher = {IEEE},
    author = {Stasse, Olivier and Davison, Andrew J. and Sellaouti, Ramzi and Yokoi, Kazuhito},
    year = {2006},
    pages = {348--355}
}

@inproceedings{ahn_-board_2012,
    title = {On-board odometry estimation for 3D vision-based {SLAM} of humanoid robot},
    url = {http://ieeexplore.ieee.org/abstract/document/6385743/},
    booktitle = {2012 IEEE/RSJ International Conference on Intelligent Robots and Systems (IROS 2012)},
    publisher = {IEEE},
    author = {Ahn, SungHwan and Yoon, Sukjune and Hyung, Seungyong and Kwak, Nosan and Roh, Kyung Shik},
    year = {2012},
    pages = {4006--4012}
}

@article{howard_optimal_2007,
    title = {Optimal rough terrain trajectory generation for wheeled mobile robots},
    volume = {26},
    url = {http://dx.doi.org/10.1177/0278364906075328},
    number = {2},
    journal = {International Journal of Robotics Research},
    author = {Howard, Thomas M. and Kelly, Alonzo},
    year = {2007},
    pages = {141--166}
}

@article{howard_model-predictive_2014,
    title = {Model-predictive motion planning: {Several} key developments for autonomous mobile robots},
    volume = {21},
    url = {http://ieeexplore.ieee.org/abstract/document/6740036/},
    number = {1},
    journal = {IEEE Robotics Automation Magazine},
    author = {Howard, Thomas M. and Pivtoraiko, Mihail and Knepper, Ross A. and Kelly, Alonzo},
    year = {2014},
    pages = {64--73}
}

@inproceedings{schmitz_learning_2010,
    title = {Learning footstep prediction from motion capture},
    url = {https://doi.org/10.1007/978-3-642-20217-9_9},
    booktitle = {RoboCup 2010: Robot Soccer World Cup XIV},
    publisher = {Springer},
    author = {Schmitz, Andreas and Missura, Marcell and Behnke, Sven},
    year = {2010},
    pages = {97--108}
}

@inproceedings{schmitz_real-time_2012,
    title = {Real-time trajectory generation by offline footstep planning for a humanoid soccer robot},
    url = {https://doi.org/10.1007/978-3-642-32060-6_17},
    booktitle = {RoboCup 2011: Robot Soccer World Cup XV},
		publisher = {Springer},
    author = {Schmitz, Andreas and Missura, Marcell and Behnke, Sven},
    year = {2012},
    pages = {198--209}
}

@inproceedings{chestnutt_footstep_2005,
    title = {Footstep planning for the honda asimo humanoid},
    url = {http://ieeexplore.ieee.org/abstract/document/1570188/},
    booktitle = {2005 IEEE International Conference on Robotics and Automation (ICRA 2005)},
    publisher = {IEEE},
    author = {Chestnutt, Joel and Lau, Manfred and Cheung, German and Kuffner, James and Hodgins, Jessica and Kanade, Takeo},
    year = {2005},
    pages = {629--634}
}

@inproceedings{hornung_search-based_2013,
    title = {Search-based footstep planning},
    url = {https://www.hrl.uni-bonn.de/papers/hornung13icraws.pdf},
    booktitle = {Proceedings of the {ICRA} {Workshop} on {Progress} and {Open} {Problems} in {Motion} {Planning} and {Navigation} for {Humanoids}},
    author = {Hornung, Armin and Maier, Daniel and Bennewitz, Maren},
    year = {2013},
}

@article{perrin_fast_2012,
    title = {Fast humanoid robot collision-free footstep planning using swept volume approximations},
    volume = {28},
    url = {http://ieeexplore.ieee.org/abstract/document/6078435/},
    number = {2},
    journal = {IEEE Transactions on Robotics},
    author = {Perrin, Nicolas and Stasse, Olivier and Baudouin, Léo and Lamiraux, Florent and Yoshida, Eiichi},
    year = {2012},
    pages = {427--439}
}

@inproceedings{he_model-based_2007,
    title = {A model-based approach to calculating and calibrating the odometry for quadruped robots},
    url = {https://doi.org/10.1007/978-3-540-68847-1_33},
    booktitle = {RoboCup 2007: Robot Soccer World Cup XI},
    publisher = {Springer},
    author = {He, Haitao and Chen, Xiaoping},
    year = {2007},
    pages = {337--344}
}

@inproceedings{hoffmann_exploiting_2005,
    title = {Exploiting the unexpected: {Negative} evidence modeling and proprioceptive motion modeling for improved markov localization},
    url = {https://doi.org/10.1007/11780519_3},
    booktitle = {RoboCup 2005: Robot Soccer World Cup IX},
    publisher = {Springer},
    author = {Hoffmann, Jan and Spranger, Michael and Göhring, Daniel and Jüngel, Matthias},
    year = {2005},
    pages = {24--35}
}

@article{vijayakumar_statistical_2002,
    title = {Statistical learning for humanoid robots},
		url = {https://doi.org/10.1023/A:1013258808932},
    volume = {12},
    number = {1},
    journal = {Autonomous Robots},
    author = {Vijayakumar, Sethu and D'souza, Aaron and Shibata, Tomohiro and Conradt, Jörg and Schaal, Stefan},
    year = {2002},
    pages = {55--69}
}
