
@techreport{USB3Wifi,
    title = {USB 3.0* Radio Frequency Interference Impact on 2.4 GHz Wireless Devices},
    year = {2012},
    url = {https://www.intel.com/content/dam/www/public/us/en/documents/white-papers/usb3-frequency-interference-paper.pdf},
    author = {{Intel Corporation}}
}

@article{alcaraz-jimenez_robust_2013,
    title = {Robust feedback control of {ZMP}-based gait for the humanoid robot {Nao}},
    volume = {32},
    url = {http://dx.doi.org/10.1177/0278364913487566},
    number = {9-10},
    journal = {International Journal of Robotics Research},
    author = {Alcaraz-Jiménez, Juan José and Herrero-Pérez, David and Martínez-Barberá, Humberto},
    year = {2013},
    pages = {1074--1088}
}

@incollection{more_levenberg-marquardt_1978,
    title = {The {Levenberg}-{Marquardt} algorithm: implementation and theory},
    url = {http://dx.doi.org/10.1007/BFb0067700},
    booktitle = {Numerical analysis},
    publisher = {Springer},
    author = {Moré, Jorge J.},
    year = {1978},
    pages = {105--116}
}

@book{stribeck_wesentlichen_1903,
    title = {Die wesentlichen {Eigenschaften} der {Gleit}-und {Rollenlager}: {Untersuchung} einer {Tandem}-{Verbundmaschine} von 1000 {PS}},
    publisher = {Springer},
    author = {Stribeck, Richard and Schröter, M.},
    year = {1903}
}

@inproceedings{rofer_evolutionary_2004,
	title = {Evolutionary gait-optimization using a fitness function based on proprioception},
  url = {https://doi.org/10.1007/978-3-540-32256-6_25},
	booktitle = {RoboCup 2004: Robot Soccer World Cup VIII},
	publisher = {Springer},
	author = {Röfer, Thomas},
	year = {2004},
	pages = {310--322}
}

@inproceedings{broquere2008soft,
    title={Soft motion trajectory planner for service manipulator robot},
    author={Broquere, Xavier and Sidobre, Daniel and Herrera-Aguilar, Ignacio},
    booktitle= {2008 IEEE/RSJ International Conference on Intelligent Robots and Systems (IROS 2008)},
    pages={2808--2813},
    year={2008},
    organization={IEEE}
}

@phdthesis{broquere2011planification,
    title={Planification de trajectoire pour la manipulation d'objets et l'interaction Homme-robot},
    author={Broquère, Xavier},
    year={2011},
    school={Université Paul Sabatier-Toulouse III}
}

@phdthesis{zhao2015trajectory,
    title={Trajectory planning and control for robot manipulations},
    author={Zhao, Ran},
    year={2015},
    school={Université Toulouse III-Paul Sabatier}
}

@inproceedings{kober_movement_2010,
    title = {Movement templates for learning of hitting and batting},
    url = {http://ieeexplore.ieee.org/xpls/abs_all.jsp?arnumber=5509672},
    booktitle = {2010 IEEE International Conference on Robotics and Automation (ICRA 2010)},
    publisher = {IEEE},
    author = {Kober, Jens and Mülling, Katharina and Krömer, Oliver and Lampert, Christoph H. and Schölkopf, Bernhard and Peters, Jan},
    year = {2010},
    pages = {853--858}
}

@inproceedings{schaal_learning_2005,
    title = {Learning movement primitives},
    url = {http://link.springer.com/chapter/10.1007/11008941_60},
    urldate = {2016-07-13},
    booktitle = {Robotics Research. The Eleventh International Symposium: With 303 Figures},
    publisher = {Springer},
    author = {Schaal, Stefan and Peters, Jan and Nakanishi, Jun and Ijspeert, Auke},
    year = {2005},
    pages = {561--572}
}

@article{peters_reinforcement_2008,
    title = {Reinforcement learning of motor skills with policy gradients},
    volume = {21},
    number = {4},
    journal = {Neural networks},
    author = {Peters, Jan and Schaal, Stefan},
    year = {2008},
    pages = {682--697},
    file = {Peters et Schaal - 2008 - Reinforcement learning of motor skills with policy.pdf:/home/leph/.mozilla/firefox/p35zu35q.default/zotero/storage/PIJREBSN/Peters et Schaal - 2008 - Reinforcement learning of motor skills with policy.pdf:application/pdf;Snapshot:/home/leph/.mozilla/firefox/p35zu35q.default/zotero/storage/7FUZD8QJ/S0893608008000701.html:text/html}
}

@inproceedings{kober_policy_2009,
    title = {Policy search for motor primitives in robotics},
    booktitle = {Advances in neural information processing systems},
    author = {Kober, Jens and Peters, Jan R.},
    year = {2009},
    pages = {849--856},
    file = {Kober et Peters - 2009 - Policy search for motor primitives in robotics.pdf:/home/leph/.mozilla/firefox/p35zu35q.default/zotero/storage/F9TW82BR/Kober et Peters - 2009 - Policy search for motor primitives in robotics.pdf:application/pdf;Snapshot:/home/leph/.mozilla/firefox/p35zu35q.default/zotero/storage/INQ7NRQ4/3545-policy-search-for-motor-primitives-in-robotics.html:text/html}
}

@inproceedings{schwarz_compliant_2013,
    title = {Compliant robot behavior using servo actuator models identified by iterative learning control},
    booktitle = {RoboCup 2013: Robot Soccer World Cup XVII},
    publisher = {Springer},
    author = {Schwarz, Max and Behnke, Sven},
    year = {2013},
    pages = {207--218},
    file = {Schwarz et Behnke - 2013 - Compliant robot behavior using servo actuator mode.pdf:/home/leph/.mozilla/firefox/p35zu35q.default/zotero/storage/B2AP7JB2/Schwarz et Behnke - 2013 - Compliant robot behavior using servo actuator mode.pdf:application/pdf;Snapshot:/home/leph/.mozilla/firefox/p35zu35q.default/zotero/storage/FHESASPC/978-3-662-44468-9_19.html:text/html}
}
