
@inproceedings{ForceSencorsHumanoidsVideo2015,
    title={Low-Cost Force Sensors for Small Size Humanoid Robot (Video Contribution)},
    author={Passault, Grégoire and Rouxel, Quentin and Hofer, Ludovic and N'Guyen, Steve and Ly, Olivier},
    booktitle= {2015 IEEE-RAS International Conference on Humanoid Robots (Humanoids 2015)},
    pages={1148-1148},
    year={2015},
    publisher={IEEE},
    url={https://youtu.be/_d7Phe0qois}
}

@misc{PosterJNRR2015,
    author={Rouxel, Quentin and Passault, Grégoire and N'Guyen, Steve and Ly, Olivier},
    title={Learning Odometry on Small Humanoid Robot and Application to Robocup Football Game},
    institution={Journées Nationales de la Recherche en Robotique},
    year={2015},
    type={poster}
}

@inproceedings{ProjectsWorkshopHumanoids2015,
    title={Rhoban Hardware and Software Open Source Contributions for RoboCup Humanoids},
    url={http://www.humanoidsoccer.org/ws15/},
    author={Rouxel, Quentin and Passault, Grégoire and Hofer, Ludovic and N'Guyen, Steve and Ly, Olivier},
    booktitle= {Proceedings of 10th Workshop on Humanoid Soccer Robots at IEEE-RAS Int. Conference on Humanoid Robots},
    year={2015},

}

@misc{TDPRoboCup2016,
    author={Fabre, Rémi and Gimbert, Hugo and Gondry, Loic and Hofer, Ludovic and
        Ly, Olivier and N'Guyen, Steve and Passault, Grégoire and Rouxel, Quentin},
    title={Rhoban Football Club Team - Description Paper},
    institution={Humanoid Kid-Size League, Robocup 2016 Leipzig},
    year={2016},
}

@inproceedings{OdometryICRA2016,
    author={Rouxel, Quentin and Passault, Gregoire and Hofer, Ludovic and N'Guyen, Steve and Ly, Olivier},
    url = {http://ieeexplore.ieee.org/document/7487326/},
    title={Learning the odometry on a small humanoid robot},
    booktitle= {2016 IEEE International Conference on Robotics and Automation (ICRA 2016)},
    year={2016},
    organization={IEEE},
    pages={1810-1816}
}

@inproceedings{MetabotICARSC2016,
    title={Metabot: a Low-Cost Legged Robotics Platform for Education},
    url = {http://ieeexplore.ieee.org/document/7781990/},
    author={Passault, Grégoire and Rouxel, Quentin and Petit, François and Ly, Olivier},
    booktitle= {2016 International Conference on Autonomous Robot Systems and Competitions (ICARSC 2016)},
    year={2016},
    organization={IEEE},
    pages={283-287}
}

@inproceedings{MetabotLivingMachines2016,
    title={Optimizing Morphology and Locomotion On a Corpus of Parametric Legged Robots},
    url = {https://doi.org/10.1007/978-3-319-42417-0_21},
    author={Passault, Grégoire and Rouxel, Quentin and Fabre, Remi and N'Guyen, Steve and Ly, Olivier},
    booktitle= {Biomimetic and Biohybrid Systems: 5th International Conference, Living Machines 2016},
    publisher={Springer},
    year={2016},
    pages= {227--238}
}

@inproceedings{DynabanRoboCup2016,
    title={Dynaban, an Open-Source Alternative Firmware for Dynamixel Servo-Motors},
    url= {http://www.ais.uni-bonn.de/robocup.de/2016/papers/RoboCup_Symposium_2016_Fabre.pdf},
    author={Fabre, Rémi and Rouxel, Quentin and Passault, Grégoire and N'Guyen, Steve and Ly, Olivier},
    booktitle= {RoboCup 2016: Robot Soccer World Cup XX},
    year={2016}
}

@inproceedings{ChampionPaperRoboCup2016,
    title={Rhoban Football Club: RoboCup Humanoid Kid-Size 2016 Champion Team Paper},
    author={Allali, Julien and Deguillaume, Louis and Fabre, Rémi and Gondry, Loic and Hofer, Ludovic and Ly, Olivier and N'Guyen, Steve and Passault, Grégoire and Pirrone, Antoine and Rouxel, Quentin},
    booktitle= {RoboCup 2016: Robot Soccer World Cup XX},
    year={2016}
}

@misc{TDPRoboCup2017,
    author = {Allali, Julien and Fabre, Rémi and Gimbert, Hugo and Gondry, Loic and Hofer, Ludovic and
        Ly, Olivier and N'Guyen, Steve and Passault, Grégoire and Pirrone, Antoine and Rouxel, Quentin},
    title = {Rhoban Football Club Team - Description Paper},
    institution = {Humanoid Kid-Size League, Robocup 2017 Nagoya},
    year = {2017}
}

@inproceedings{ApproachICAPS2017,
    title= {An Operational Method Toward Efficient Walk Control Policies for Humanoid Robots},
    url = {https://aaai.org/ocs/index.php/ICAPS/ICAPS17/paper/view/15737},
    author= {Hofer, Ludovic and Rouxel, Quentin},
    booktitle= {Proceedings of the 27th International Conference on Automated Planning and Scheduling (ICAPS 2017)},
    year= {2017},
    pages = {489--497}
}

@article{hofer_online_2016,
    title = {Online {Reinforcement} {Learning} for {Real}-{Time} {Exploration} in {Continuous} {State} and {Action} {Markov} {Decision} {Processes}},
    url = {https://arxiv.org/abs/1612.03780},
    journal = {CoRR},
    author = {Hofer, Ludovic and Gimbert, Hugo},
    year = {2016}
}


@inproceedings{oudeyer_exploring_2011,
    title = {Exploring robust, intuitive and emergent physical human-robot interaction with the humanoid robot {Acroban}},
    booktitle = {2011 IEEE-RAS International Conference on Humanoid Robots (Humanoids 2011)},
    publisher = {IEEE},
    author = {Oudeyer, Pierre-Yves and Ly, Olivier and Rouanet, Pierre},
    year = {2011},
    pages = {120--127}
}

@inproceedings{lapeyre_maturational_2011,
    title = {Maturational constraints for motor learning in high-dimensions: the case of biped walking},
    shorttitle = {Maturational constraints for motor learning in high-dimensions},
    booktitle = {2011 IEEE-RAS International Conference on Humanoid Robots (Humanoids 2011)},
    publisher = {IEEE},
    author = {Lapeyre, Matthieu and Ly, Olivier and Oudeyer, Pierre-Yves},
    year = {2011},
    pages = {707--714}
}

@inproceedings{ly_bio-inspired_2011,
    title = {Bio-inspired vertebral column, compliance and semi-passive dynamics in a lightweight humanoid robot},
    booktitle = {2011 IEEE/RSJ International Conference on Intelligent Robots and Systems (IROS 2011)},
    publisher = {IEEE},
    author = {Ly, Olivier and Lapeyre, Matthieu and Oudeyer, Pierre-Yves},
    year = {2011},
    pages = {1465--1472}
}

@inproceedings{ly_acroban_2010,
    title = {Acroban the humanoid: {Compliance} for stabilization and human interaction},
    shorttitle = {Acroban the humanoid},
    booktitle = {2010 IEEE/RSJ International Conference on Intelligent Robots and Systems (IROS 2010)},
    publisher = {IEEE},
    author = {Ly, Olivier and Oudeyer, Pierre-Yves},
    year = {2010},
    pages = {2525--2526}
}
