
@article{gerndt_humanoid_2015,
    title = {Humanoid robots in soccer: {Robots} versus humans in {RoboCup} 2050},
    volume = {22},
    shorttitle = {Humanoid robots in soccer},
    number = {3},
    journal = {IEEE Robotics \& Automation Magazine},
    author = {Gerndt, Reinhard and Seifert, Daniel and Baltes, Jacky Hansjoerg and Sadeghnejad, Soroush and Behnke, Sven},
    year = {2015},
    pages = {147--154},
    file = {Gerndt et al. - 2015 - Humanoid robots in soccer Robots versus humans in.pdf:/home/leph/.mozilla/firefox/p35zu35q.default/zotero/storage/JF3I5PHT/Gerndt et al. - 2015 - Humanoid robots in soccer Robots versus humans in.pdf:application/pdf;Snapshot:/home/leph/.mozilla/firefox/p35zu35q.default/zotero/storage/8S7SNRDI/7254325.html:text/html}
}

@inproceedings{baltes_robocup_2014,
    title = {{RoboCup} humanoid league rule developments 2002–2014 and future perspectives},
    booktitle = {RoboCup 2014: Robot Soccer World Cup XVI},
    publisher = {Springer},
    author = {Baltes, Jacky and Sadeghnejad, Soroush and Seifert, Daniel and Behnke, Sven},
    year = {2014},
    pages = {649--660},
    file = {Baltes et al. - 2014 - RoboCup humanoid league rule developments 2002–201.pdf:/home/leph/.mozilla/firefox/p35zu35q.default/zotero/storage/DIDMV88F/Baltes et al. - 2014 - RoboCup humanoid league rule developments 2002–201.pdf:application/pdf;Snapshot:/home/leph/.mozilla/firefox/p35zu35q.default/zotero/storage/5GGNDK4D/978-3-319-18615-3_53.html:text/html}
}

@article{anderson_robotics_2011,
    title = {Robotics competitions as benchmarks for {AI} research},
    volume = {26},
    number = {1},
    journal = {The Knowledge Engineering Review},
    author = {Anderson, John and Baltes, Jacky and Cheng, Chi Tai},
    year = {2011},
    pages = {11--17},
    file = {Snapshot:/home/leph/.mozilla/firefox/p35zu35q.default/zotero/storage/MQ5QRWZ6/A189836D56D754C1F0524F8C98C1BB9C.html:text/html}
}

@inproceedings{kitano_robocup_1998,
    title = {{RoboCup} humanoid challenge: {That}'s one small step for a robot, one giant leap for mankind},
    volume = {1},
    shorttitle = {{RoboCup} humanoid challenge},
    booktitle = {1998 IEEE/RSJ International Conference on Intelligent Robots and Systems (IROS 1998)},
    publisher = {IEEE},
    author = {Kitano, Hiroaki and Asada, Minoru},
    year = {1998},
    pages = {419--424},
    file = {Kitano et Asada - 1998 - RoboCup humanoid challenge That's one small step .pdf:/home/leph/.mozilla/firefox/p35zu35q.default/zotero/storage/ES4A56JC/Kitano et Asada - 1998 - RoboCup humanoid challenge That's one small step .pdf:application/pdf;Snapshot:/home/leph/.mozilla/firefox/p35zu35q.default/zotero/storage/BQ7NNAXE/724655.html:text/html}
}

@inproceedings{behnke_robot_2006,
    title = {Robot competitions-ideal benchmarks for robotics research},
    booktitle = {Proceedings of the {IROS} {Workshop} on {Benchmarks} in {Robotics} {Research}},
    author = {Behnke, Sven},
    year = {2006},
    file = {Behnke - 2006 - Robot competitions-ideal benchmarks for robotics r.pdf:/home/leph/.mozilla/firefox/p35zu35q.default/zotero/storage/DKDGXJII/Behnke - 2006 - Robot competitions-ideal benchmarks for robotics r.pdf:application/pdf;Snapshot:/home/leph/.mozilla/firefox/p35zu35q.default/zotero/storage/JCSPWNW7/Behnke - 2006 - Robot competitions-ideal benchmarks for robotics r.pdf:application/pdf}
}
