
@phdthesis{passaultThesis,
	title = {Optimisation de la locomotion de robots bas coût à pattes},
	url = {https://tel.archives-ouvertes.fr/tel-01441799/},
	school = {Université de Bordeaux},
	author = {Passault, Gregoire},
	year = {2016}
}

@inproceedings{missura_lateral_2011,
    title = {Lateral capture steps for bipedal walking},
    url = {http://ieeexplore.ieee.org/document/6100886},
    booktitle = {2011 IEEE-RAS International Conference on Humanoid Robots (Humanoids 2011)},
    publisher = {IEEE},
    author = {Missura, Marcell and Behnke, Sven},
    year = {2011},
    pages = {401--408}
}

@inproceedings{kajita_biped_2003,
    title = {Biped walking pattern generation by using preview control of zero-moment point},
    url = {http://ieeexplore.ieee.org/document/1241826},
    booktitle = {2003 IEEE International Conference on Robotics and Automation (ICRA 2003)},
    publisher = {IEEE},
    author = {Kajita, Shuuji and Kanehiro, Fumio and Kaneko, Kenji and Fujiwara, Kiyoshi and Harada, Kensuke and Yokoi, Kazuhito and Hirukawa, Hirohisa},
    year = {2003},
    pages = {1620--1626}
}

@inproceedings{kajita_3d_2001,
    title = {The 3D {Linear} {Inverted} {Pendulum} {Mode}: {A} simple modeling for a biped walking pattern generation},
    url = {http://ieeexplore.ieee.org/document/973365},
    booktitle = {2001 IEEE/RSJ International Conference on Intelligent Robots and Systems (IROS 2001)},
    publisher = {IEEE},
    author = {Kajita, Shuuji and Kanehiro, Fumio and Kaneko, Kenji and Yokoi, Kazuhito and Hirukawa, Hirohisa},
    year = {2001},
    pages = {239--246}
}

@inproceedings{graf_closed-loop_2010,
    title = {A closed-loop 3D-{LIPM} gait for the {RoboCup} {Standard} {Platform} {League} humanoid},
    url = {https://www.b-human.de/downloads/Humanoids-Graf-Roefer-10.pdf},
    booktitle = {Proceedings of 5th Workshop on Humanoid Soccer Robots at IEEE-RAS Int. Conference on Humanoid Robots},
    author = {Graf, Colin and Röfer, Thomas},
    year = {2010}
}

@inproceedings{missura_omnidirectional_2013,
    title = {Omnidirectional capture steps for bipedal walking},
    url = {http://ieeexplore.ieee.org/document/7029949},
    booktitle = {2013 IEEE-RAS International Conference on Humanoid Robots (Humanoids 2013)},
    publisher = {IEEE},
    author = {Missura, Marcell and Behnke, Sven},
    year = {2013},
    pages = {14--20}
}

@incollection{missura_learning_2014,
    title = {Learning to improve capture steps for disturbance rejection in humanoid soccer},
    url = {https://doi.org/10.1007/978-3-662-44468-9_6},
		publisher = {Springer},
    booktitle = {RoboCup 2013: Robot Soccer World Cup XVII},
    author = {Missura, Marcell and Münstermann, Cedrick and Allgeuer, Philipp and Schwarz, Max and Pastrana, Julio and Schueller, Sebastian and Schreiber, Michael and Behnke, Sven},
    year = {2014},
    pages = {56--67}
}

@inproceedings{wieber_trajectory_2006,
    title = {Trajectory free linear model predictive control for stable walking in the presence of strong perturbations},
    url = {http://ieeexplore.ieee.org/document/4115592},
    booktitle = {2006 IEEE-RAS International Conference on Humanoid Robots (Humanoids 2006)},
    publisher = {IEEE},
    author = {Wieber, Pierre-Brice},
    year = {2006},
    pages = {137--142}
}

@inproceedings{diedam_online_2008,
    title = {Online walking gait generation with adaptive foot positioning through linear model predictive control},
    url = {http://ieeexplore.ieee.org/document/4651055},
    booktitle = {2008 IEEE/RSJ International Conference on Intelligent Robots and Systems (IROS 2008)},
    publisher = {IEEE},
    author = {Diedam, Holger and Dimitrov, Dimitar and Wieber, Pierre-Brice and Mombaur, Katja and Diehl, Moritz},
    year = {2008},
    pages = {1121--1126}
}

@inproceedings{dimitrov_implementation_2008,
    title = {On the implementation of model predictive control for on-line walking pattern generation},
    url = {http://ieeexplore.ieee.org/document/4543617},
    booktitle = {2008 IEEE International Conference on Robotics and Automation (ICRA 2008)},
    publisher = {IEEE},
    author = {Dimitrov, Dimitar and Wieber, Pierre-Brice and Ferreau, Hans Joachim and Diehl, Moritz},
    year = {2008},
    pages = {2685--2690}
}

@inproceedings{graf_center_2011,
    title = {A center of mass observing 3D-{LIPM} gait for the {RoboCup} {Standard} {Platform} {League} humanoid},
    url = {http://link.springer.com/chapter/10.1007/978-3-642-32060-6_9},
    booktitle = {RoboCup 2011: Robot Soccer World Cup XV},
    publisher = {Springer},
    author = {Graf, Colin and Röfer, Thomas},
    year = {2011},
    pages = {102--113}
}

@phdthesis{missura_analytic_2016,
    title = {Analytic and {Learned} {Footstep} {Control} for {Robust} {Bipedal} {Walking}},
    url = {http://hss.ulb.uni-bonn.de/2016/4268/4268.htm},
    school = {Universitäts-und Landesbibliothek Bonn},
    author = {Missura, Marcell},
    year = {2016},
}

@inproceedings{pratt_capture_2006,
    title = {Capture point: A step toward humanoid push recovery},
    url = {http://ieeexplore.ieee.org/document/4115602/},
    booktitle = {2006 IEEE-RAS International Conference on Humanoid Robots (Humanoids 2006)},
    publisher = {IEEE},
    author = {Pratt, Jerry and Carff, John and Drakunov, Sergey and Goswami, Ambarish},
    year = {2006},
    pages = {200--207},
}

@inproceedings{behnke_online_2006,
    title = {Online trajectory generation for omnidirectional biped walking},
    url = {http://ieeexplore.ieee.org/document/1641935/},
    booktitle = {2006 IEEE International Conference on Robotics and Automation (ICRA 2006)},
    publisher = {IEEE},
    author = {Behnke, Sven},
    year = {2006},
    pages = {1597--1603}
}

@inproceedings{hugel_walking_2012,
    title = {Walking patterns for real time path planning simulation of humanoids},
    url = {http://ieeexplore.ieee.org/document/6343789/},
		booktitle= {2012 IEEE International Symposium on Robot and Human Interactive Communication (RO-MAN 2012)},
    publisher = {RO-MAN, IEEE},
    author = {Hugel, Vincent and Jouandeau, Nicolas},
    year = {2012},
    pages = {424--430}
}

@inproceedings{seekircher_closed-loop_2016,
    title = {A {Closed}-{Loop} {Gait} for {Humanoid} {Robots} {Combining} {LIPM} with {Parameter} {Optimization}},
    url = {http://www.ais.uni-bonn.de/robocup.de/2016/papers/RoboCup_Symposium_2016_Seekircher.pdf},
    booktitle= {RoboCup 2016: Robot Soccer World Cup XX},
    author = {Seekircher, Andreas and Visser, Ubbo},
    year = {2016},
}
